@article{abdelbaky2020batt,
	author  = {Mohammad Abdelbaky and Jef R. Peeters and Joost R. Duflou and Wim Dewulf},
	doi     = {https://doi.org/10.1016/j.procir.2020.01.109},
	journal = {Procedia CIRP},
	note    = {27th CIRP Life Cycle Engineering Conference (LCE2020) Advancing Life Cycle Engineering : from technological eco-efficiency to technology that supports a world that meets the development goals and the absolute sustainability},
	title   = {Forecasting the EU recycling potential for batteries from electric vehicles},
	url     = {https://www.sciencedirect.com/science/article/pii/S2212827120302808},
	year    = 2020,
}
@article{amer2013,
	author  = {Muhammad Amer and Tugrul U. Daim and Antonie Jetter},
	doi     = {10.1016/j.futures.2012.10.003},
	journal = {Futures},
	title   = {A review of scenario planning},
	url     = {https://www.sciencedirect.com/science/article/pii/S0016328712001978},
	year    = 2013,
}
@article{ardente2014,
	author  = {Fulvio Ardente and Fabrice Mathieux},
	doi     = {10.1016/j.jclepro.2014.03.049},
	journal = {Journal of Cleaner Production},
	title   = {Environmental assessment of the durability of energy-using products: method and application},
	url     = {https://www.sciencedirect.com/science/article/pii/S0959652614002807},
	year    = 2014,
}
@online{arizona2023,
	author = {Center for Climate Adaptation Science and Solutions at the University of Arizona},
	title  = {Glossary - Scenario Planning for the Institute of the Environment},
	url    = {https://www.adaptationscenarios.org/glossary},
	year   = 2023,
}
@article{asquer2019ash,
	author    = {Asquer, C. and Cappai, G. and Carucci, A. and De Gioannis, G. and Muntoni, A. and Piredda, M. and Spiga, D.},
	doi       = {10.1016/j.biombioe.2019.03.001},
	journal   = {Biomass and Bioenergy},
	publisher = {Elsevier BV},
	title     = {Biomass ash characterisation for reuse as additive in composting process},
	url       = {http://dx.doi.org/10.1016/j.biombioe.2019.03.001},
	year      = 2019,
}
@article{ayres1995lcacritique,
	author    = {Ayres, Robert U.},
	doi       = {10.1016/0921-3449(95)00017-d},
	journal   = {Resources, Conservation and Recycling},
	publisher = {Elsevier BV},
	title     = {Life cycle analysis: A critique},
	url       = {http://dx.doi.org/10.1016/0921-3449(95)00017-D},
	year      = 1995,
}
@article{ayres1997recycling,
	author    = {Ayres, Robert U},
	doi       = {10.1016/s0921-3449(97)00033-5},
	journal   = {Resources, Conservation and Recycling},
	publisher = {Elsevier BV},
	title     = {Metals recycling: economic and environmental implications},
	url       = {http://dx.doi.org/10.1016/S0921-3449(97)00033-5},
	year      = 1997,
}
@article{ayres1998recycling,
	author    = {Ayres, Robert U},
	doi       = {10.1016/s0921-8009(98)00098-6},
	journal   = {Ecological Economics},
	publisher = {Elsevier BV},
	title     = {The second law, the fourth law, recycling and limits to growth},
	url       = {http://dx.doi.org/10.1016/S0921-8009(98)00098-6},
	year      = 1999,
}
@report{barro2004gdp,
	author      = {Robert J. Barro},
	institution = {China Economics and Management Academy, Central University of Finance and Economics},
	title       = {Determinants of Economic Growth in a Panel of Countries},
	type        = {CEMA Working Papers},
	url         = {http://www.clmeconomia.jccm.es/pdfclm/barro_i.pdf},
	year        = 2003,
}
@book{barro2004gdpbook,
	author    = {Barro, Robert J. and Sala-i-Martin, Xavier},
	edition   = 2,
	isbn      = {0-262-02553-1},
	publisher = {The MIT Press},
	title     = {Economic growth},
	url       = {http://piketty.pse.ens.fr/files/BarroSalaIMartin2004.pdf},
	year      = 2004,
}
@article{barros2023repair,
	author    = {Barros, M{\'a}rio and Dimla, Eric},
	doi       = {10.1111/jiec.13398},
	journal   = {Journal of Industrial Ecology},
	publisher = {Wiley Online Library},
	title     = {Smartphone repairability indexes in practice: Linking repair scores to industrial design features},
	year      = 2023,
}
@article{bishop2007scenarios,
	author  = {Bishop, Peter and Hines, Andy and Collins, Terry},
	doi     = {10.1108/14636680710727516},
	journal = {Foresight - The journal of future studies},
	title   = {The current state of scenario development: An overview of techniques},
	year    = 2007,
}
@article{boerjeson2005scenariosarticle,
	author  = {Lena B\"{o}rjeson and Mattias H\"{o}jer and Karl-Henrik Dreborg and Tomas Ekvall and G\"{o}ran Finnveden},
	doi     = {10.1016/j.futures.2005.12.002},
	journal = {Futures},
	title   = {Scenario types and techniques: Towards a user's guide},
	url     = {https://www.sciencedirect.com/science/article/pii/S0016328705002132},
	year    = 2006,
}
@report{boerjeson2005scenariosreport,
	author    = {Lena B\"{o}rjeson and Mattias H\"{o}jer and Karl-Henrik Dreborg and Tomas Ekvall and G\"{o}ran Finnveden},
	publisher = {Royal Inst. of Technology, Stockholm (Sweden). Environmental Strategies Research - fms},
	title     = {Towards a user's guide to scenarios - a report on scenario types and scenario techniques},
	url       = {https://www.osti.gov/etdeweb/biblio/20688312},
	year      = 2005,
}
@article{boulos2015durability,
	author  = {Boulos, Stephanie and Sousanoglou, Anastasia and Evans, Louise and Lee, Jane and King, Ni-cola and Facheris, Camilla and Donelli, M},
	journal = {Report for European Commission, DG Environment},
	title   = {The durability of products: standard assessment for the circular economy under the Eco-Innovation Action Plan},
	year    = 2015,
}
@article{calistofriant2021ce,
	author  = {Martin {Calisto Friant} and Walter J.V. Vermeulen and Roberta Salomone},
	doi     = {https://doi.org/10.1016/j.spc.2020.11.001},
	journal = {Sustainable Production and Consumption},
	title   = {Analysing European Union circular economy policies: words versus actions},
	url     = {https://www.sciencedirect.com/science/article/pii/S2352550920313750},
	year    = 2021,
}
@online{cbs2023circularity,
	author = {CBS - Statistics Netherlands},
	title  = {Circularity of the Dutch economy has barely increased},
	url    = {https://www.cbs.nl/en-gb/news/2023/04/circularity-of-the-dutch-economy-has-barely-increased},
	year   = 2023,
}
@report{chateau2012gdp,
	author       = {Chateau, Jean and Dellink, Rob and Lanzi, Elisa and Magne, Bertrand},
	organization = {OECD},
	title        = {Long-term economic growth and environmental pressure: reference scenarios for future global projections},
	year         = 2012,
}
@misc{colon2022supplychainmodel,
	author    = {Célian Colon},
	doi       = {10.5281/zenodo.7427207},
	publisher = {Zenodo},
	title     = {DisruptSupplyChain Model},
	url       = {https://github.com/ccolon/disrupt-supply-chain-model},
	version   = {v2.0.0},
	year      = 2022,
}
@article{cordella2021repairlca,
	author  = {Cordella, Mauro and Alfieri, Felice and Sanfelix, Javier},
	doi     = {https://doi.org/10.1111/jiec.13119},
	journal = {Journal of Industrial Ecology},
	title   = {Reducing the carbon footprint of ICT products through material efficiency strategies: A life cycle analysis of smartphones},
	url     = {https://onlinelibrary.wiley.com/doi/abs/10.1111/jiec.13119},
	year    = 2021,
}
@article{cordovapozo2023scenarios,
	author  = {Kathya Cordova-Pozo and Eti\"{e}nne A.J.A. Rouwette},
	doi     = {10.1016/j.futures.2023.103153},
	journal = {Futures},
	title   = {Types of scenario planning and their effectiveness: A review of reviews},
	year    = 2023,
}
@article{cuaresma2017ssp,
	author    = {Jes{\'{u}}s Crespo Cuaresma},
	doi       = {10.1016/j.gloenvcha.2015.02.012},
	journal   = {Global Environmental Change},
	publisher = {Elsevier {BV}},
	title     = {Income projections for climate change research: A framework based on human capital dynamics},
	year      = 2017,
}
@article{dabbous2021sharing,
	author  = {Dabbous, Amal and Tarhini, Abbas},
	doi     = {10.1016/j.jik.2020.11.001},
	journal = {Journal of Innovation \& Knowledge},
	title   = {Does sharing economy promote sustainable economic development and energy efficiency? Evidence from OECD countries},
	url     = {https://www.sciencedirect.com/science/article/pii/S2444569X20300500},
	year    = 2021,
}
@article{dellink2017ssp,
	author    = {Rob Dellink and Jean Chateau and Elisa Lanzi and Bertrand Magn{\'{e}}},
	doi       = {10.1016/j.gloenvcha.2015.06.004},
	journal   = {Global Environmental Change},
	publisher = {Elsevier {BV}},
	title     = {Long-term economic growth projections in the Shared Socioeconomic Pathways},
	year      = 2017,
}
@report{dggrow2018sharing,
	author    = {European Commission and Directorate-General for Internal Market, Industry, Entrepreneurship and SMEs and Nunu, M and Nausedaite, R and Eljas-Taal, K and Svatikova, K and Porsch, L},
	doi       = {doi/10.2873/83555},
	publisher = {Publications Office},
	title     = {Study to monitor the economic development of the collaborative economy at sector level in the 28 EU Member States – Final report},
	url       = {https://op.europa.eu/o/opportal-service/download-handler?identifier=0cc9aab6-7501-11e8-9483-01aa75ed71a1&format=pdf&language=en&productionSystem=cellar&part=},
	year      = 2018,
}
@report{dggrow2018sharingenv,
	author    = {European Commission and Directorate-General for Environment and Pollitt, H and Baroni, L and Vermeulen, J and Boonen, K and Svatikova, K and Dragulin, M and Hausemer, P and Smit, T and Chewpreecha, U and Vercalsteren, A and Rademaekers, K and Gillabel, J},
	doi       = {doi/10.2779/518554},
	publisher = {Publications Office},
	title     = {Environmental potential of the collaborative economy – Final report and annexes},
	url       = {https://op.europa.eu/o/opportal-service/download-handler?identifier=8e18cbf3-2283-11e8-ac73-01aa75ed71a1&format=pdf&language=en&productionSystem=cellar&part=},
	year      = 2018,
}
@article{dinosaurs2013scurve,
	author    = {Myhrvold, Nathan P.},
	doi       = {10.1371/journal.pone.0081917},
	editor    = {Evans, Alistair Robert},
	journal   = {PLoS ONE},
	publisher = {Public Library of Science (PLoS)},
	title     = {Revisiting the Estimation of Dinosaur Growth Rates},
	url       = {http://dx.doi.org/10.1371/journal.pone.0081917},
	year      = 2013,
}
@article{domenech2019transition,
	author    = {Domenech, Teresa and Bahn-Walkowiak, Bettina},
	journal   = {Ecological Economics},
	publisher = {Elsevier},
	title     = {Transition towards a resource efficient circular economy in Europe: policy lessons from the EU and the member states},
	year      = 2019,
}
@article{dreborg1996essence,
	author  = {Karl H Dreborg},
	doi     = {10.1016/s0016-3287(96)00044-4},
	journal = {Futures},
	title   = {Essence of backcasting},
	url     = {https://www.sciencedirect.com/science/article/pii/S0016328796000444},
	year    = 1996,
}
@article{duval2010gdp,
	author       = {Duval, Romain and de la Maisonneuve, Christine},
	journal      = {Journal of Policy Modeling},
	note         = {Also published as OECD Economics Department Working Papers 663},
	organization = {OECD},
	title        = {Long-run GDP growth framework and scenarios for the world economy},
	year         = 2010,
}
@book{ehrlich1978ecoscience,
	author    = {Ehrlich, Paul R and Ehrlich, Anne H and Holdren, John P},
	edition   = 3,
	publisher = {W.H. Freeman},
	title     = {Ecoscience: population, resources, environment},
	year      = 1978,
}
@book{ehrlich1986popbomb,
	author    = {Ehrlich, Paul R},
	publisher = {Random House},
	title     = {The Population Bomb},
	year      = 1986,
}
@article{ehrlich2009popbombrevisited,
	author  = {Ehrlich, Paul R and Ehrlich, Anne H},
	journal = {The electronic journal of sustainable development},
	title   = {The population bomb revisited},
	url     = {http://www.ejsd.org/docs/The_Population_Bomb_Revisited.pdf},
	year    = 2009,
}
@report{ellenmacarthur2015ce,
	author = {MacArthur, Ellen},
	title  = {Towards a circular economy: Business rationale for an accelerated transition},
	url    = {https://emf.thirdlight.com/file/24/_A-BkCs_h7gfln_Am1g_JKe2t9/Towards%20a%20circular%20economy%3A%20Business%20rationale%20for%20an%20accelerated%20transition.pdf},
	year   = 2015,
}
@misc{ern2023reman,
	author = {European Remanufacturing Network (ERN)},
	title  = {European Remanufacturing Network (ERN)},
	url    = {https://www.remanufacturing.eu/},
	year   = 2023,
}
@legislation{eu2003weee,
	author       = {European Commission},
	organization = {European Commission},
	title        = {Directive 2002/96/EC Of The European Parliament and of The Council of 27 January 2003 on waste electrical and electronic equipment (WEEE)},
	url          = {http://eur-lex.europa.eu/LexUriServ/LexUriServ.do?uri=OJ:L:2003:037:0024:0038:en:PDF},
	year         = 2003,
}
@legislation{eu2008wastedirective,
	author       = {European Commission},
	organization = {European Commission},
	title        = {Directive 2008/98/EC of the European Parliament and of the Council of 19 November 2008 on waste and repealing certain Directives (Text with EEA relevance)},
	url          = {https://eur-lex.europa.eu/legal-content/EN/TXT/PDF/?uri=CELEX:32008L0098},
	year         = 2008,
}
@legislation{eu2012weee,
	author       = {European Commission},
	organization = {European Commission},
	title        = {Directive 2012/19/EU of the European Parliament and of the council of 4 July 2012 on waste electrical and electronic equipment (WEEE) text with EEA relevance},
	url          = {http://eur-lex.europa.eu/LexUriServ/LexUriServ.do?uri=OJ:L:2012:197:0038:0071:EN:PDF},
	year         = 2012,
}
@legislation{eu2012weeerecast,
	author       = {European Commission},
	organization = {European Commission},
	title        = {Directive 2012/19/EU of the European Parliament and of the council of 4 July 2012 on waste electrical and electronic equipment (WEEE) (recast)},
	url          = {https://eur-lex.europa.eu/legal-content/EN/TXT/?uri=CELEX:32012L0019},
	year         = 2012,
}
@report{eu2015reman,
	author    = {Parker, David and Riley, Kate and Robinson, Seigo and Symington, Harry and Tewson, Jane and Jansson, Kim and Ramkumar, Shyaam and Peck, David},
	publisher = {European Remanufacturing Network (ERN)},
	title     = {Remanufacturing market study},
	url       = {https://www.remanufacturing.eu/assets/pdfs/remanufacturing-market-study.pdf},
	year      = 2015,
}
 @legislation{eu2018cemonitoring,
	author  = {European Commission},
	note    = {COM (2018) 29 Final},
	title   = {Communication from the Commission to the European Parliament, the Council, the European Economic and Social Committee and the Committee of the Regions on a Monitoring Framework for the Circular Economy},
	url     = {https://eur-lex.europa.eu/legal-content/EN/TXT/?qid=1516265440535&uri=COM:2018:29:FIN},
	urldate = {2018-11-02},
	year    = 2018,
}


@legislation{eu2019greendeal,
	author       = {European Commission},
	organization = {European Commission},
	title        = {The European Green Deal},
	url          = {https://eur-lex.europa.eu/legal-content/EN/TXT/?uri=COM:2019:640:FIN},
	year         = 2019,
}
@report{eu2019repair,
	author      = {Cordella, M. and Alfieri, F. and Sanfelix Forner, J.},
	doi         = {10.2760/725068},
	institution = {Publications Office of the European Union},
	isbn        = {978-92-76-01602-1},
	note        = {Jrc114337},
	title       = {Analysis and development of a scoring system for repair and upgrade of products},
	year        = 2019,
}
@legislation{eu2020batt,
	author       = {European Commission},
	organization = {European Commission},
	title        = {Proposal for a Regulation of the European Parliament and of the Council Concerning Batteries and Waste Batteries, Repealing Directive 2006/66/EC and Amending Regulation (EU) No 2019/1020},
	url          = {https://eur-lex.europa.eu/legal-content/EN/TXT/?uri=celex:52020PC0798},
	year         = 2020,
}
@legislation{eu2020circ,
	author       = {European Commission},
	doi          = {10.2779/05068},
	organization = {European Commission},
	title        = {A New Circular Economy Action Plan For a Cleaner and More Competitive Europe},
	url          = {https://eur-lex.europa.eu/legal-content/EN/TXT/?uri=COM:2020:98:FIN},
	year         = 2020,
}
@report{eu2020scenarioreference,
	author    = {European Commission and Directorate-General for Climate Action and Directorate-General for Energy and Directorate-General for Mobility and Transport and De Vita, A and Capros, P and Paroussos, L and Fragkiadakis, K and Karkatsoulis, P and Höglund-Isaksson, L and Winiwarter, W and Purohit, P and Gómez-Sanabria, A and Rafaj, P and Warnecke, L and Deppermann, A and Gusti, M and Frank, S and Lauri, P and Fulvio, F and Florou, A and Kannavou, M and Forsell, N and Fotiou, T and Siskos, P and Havlík, P and Tsiropoulos, I and Evangelopoulou, S and Witzke, P and Kesting, M and Katoufa, N and Mitsios, I and Asimakopoulou, G and Kalokyris, T},
	doi       = {doi/10.2833/35750},
	publisher = {Publications Office},
	title     = {EU reference scenario 2020 – Energy, transport and GHG emissions – Trends to 2050},
	url       = {https://op.europa.eu/o/opportal-service/download-handler?identifier=96c2ca82-e85e-11eb-93a8-01aa75ed71a1&format=pdf&language=en&productionSystem=cellar&part=},
	year      = 2021,
}
@report{eu2021crmscoreboard,
	author    = {European Commission and Directorate-General for Internal Market, Industry, Entrepreneurship and SMEs},
	doi       = {doi/10.2873/567799},
	publisher = {Publications Office},
	title     = {3rd Raw Materials Scoreboard – European innovation partnership on raw materials},
	url       = {https://op.europa.eu/o/opportal-service/download-handler?identifier=eb052a18-c1f3-11eb-a925-01aa75ed71a1&format=pdf&language=en&productionSystem=cellar&part=},
	year      = 2021,
}
@legislation{eu2021fitfor55,
	author = {European Commission},
	title  = {Fit for 55 - The EU's plan for a green transition - Consilium},
	url    = {https://www.consilium.europa.eu/en/policies/green-deal/fit-for-55-the-eu-plan-for-a-green-transition/#package},
	year   = 2021,
}
@report{eu2022repair,
	author    = {Spiliotopoulos, Christoforos and Duflou, Joost and Alfieri, Felice and La Placa, Maria Grazia and Laps, Emma and Bolanos Arriola, Julieta and Flipsen, Bas and Faludi, Jeremi and Balkenende, Ruud and others},
	publisher = {European Commission, Joint Research Centre (JRC)},
	title     = {Product reparability scoring system: Specific application to smartphones and slate tablets},
	year      = 2022,
}
@legislation{eu2022repower,
	author       = {European Commission},
	organization = {European Commission},
	title        = {Communication from the Commission to the European Parliament, the European Council, the Council, the European Economic and Social Committee and the Committee of the Regions: REPowerEU Plan},
	type         = {Communication},
	url          = {https://eur-lex.europa.eu/resource.html?uri=cellar:fc930f14-d7ae-11ec-a95f-01aa75ed71a1.0001.02/DOC_1&format=PDF},
	year         = 2022,
}
@techreport{eu2022repowerWD,
	author      = {{European Commission}},
	date        = {2022-05-18},
	institution = {European Commission},
	title       = {Commission Staff Working Document Implementing the REPowerEU Action Plan: Investment Needs, Hydrogen Accelerator and Achieving the Bio-methane Targets Accompanying the document Communication from the Commission to the European Parliament, the European Council, the Council, the European Economic and Social Committee and the Committee of the Regions REPowerEU Plan {COM(2022) 230 final}},
	type        = {Commission Staff Working Document},
	url         = {https://eur-lex.europa.eu/legal-content/EN/TXT/PDF/?uri=CELEX:52022SC0230&from=EN},
	year        = 2022,
}
@legislation{eu2023batt,
	author       = {European Commission},
	organization = {European Commission},
	title        = {Regulation (EU) 2023/1542 of the European Parliament and of the Council of 12 July 2023 concerning batteries and waste batteries, amending Directive 2008/98/EC and Regulation (EU) 2019/1020 and repealing Directive 2006/66/EC},
	url          = {https://eur-lex.europa.eu/eli/reg/2023/1542/oj},
	year         = 2023,
}
@legislation{eu2023cemonitoring,
	author = {European Commission},
	note   = {SWD/2023/306 final},
	title  = {Commission Staff Working Document: Measuring Progress towards Circular Economy in the European Union – Key Indicators for a Revised Monitoring Framework Accompanying the Document Communication from the Commission to the European Parliament, the Council, the European Economic and Social Committee and the Committee of the Regions on a Revised Monitoring Framework for the Circular Economy},
	type   = {Staff Working Document},
	url    = {https://eur-lex.europa.eu/legal-content/EN/TXT/PDF/?uri=CELEX:52023SC0306},
	year   = 2023,
}
@legislation{eu2023chargers,
	author       = {European Commission},
	organization = {European Commission},
	title        = {Directive 2014/53/EU of the European Parliament and of the Council of 16 April 2014 on the harmonisation of the laws of the Member States relating to the making available on the market of radio equipment and repealing Directive 1999/5/EC},
	url          = {http://data.europa.eu/eli/dir/2014/53/2023-10-01},
	year         = 2023,
}
@online{eu2023chargerspress,
	author       = {European Parliament},
	organization = {European Commission},
	title        = {Long-awaited common charger for mobile devices will be a reality in 2024},
	url          = {https://www.europarl.europa.eu/news/en/press-room/20220930IPR41928/long-awaited-common-charger-for-mobile-devices-will-be-a-reality-in-2024},
	year         = 2023,
}
@legislation{eu2023crmact,
	author       = {European Commission},
	organization = {European Commission},
	title        = {European Critical Raw Materials Act},
	url          = {https://single-market-economy.ec.europa.eu/publications/european-critical-raw-materials-act_en},
	year         = 2023,
}
@online{eu2023crmqna,
	author       = {European Commission},
	organization = {European Commission},
	title        = {Questions and Answers: The European Critical Raw Materials Act},
	url          = {https://ec.europa.eu/commission/presscorner/detail/en/qanda_23_1662},
	year         = 2023,
}
@report{eu2023crmstudy,
	author       = {European Commission and Directorate-General for Internal Market, Industry, Entrepreneurship and SMEs and Grohol, M and Veeh, C},
	doi          = {10.2873/725585},
	organization = {European Commission},
	publisher    = {Publications Office of the European Union},
	title        = {Study on the critical raw materials for the EU 2023 --– Final report},
	url          = {https://data.europa.eu/doi/10.2873/725585},
	year         = 2023,
}
@online{eu2023elv,
	author       = {European Commission},
	organization = {European Commission},
	title        = {End-of-life vehicles Regulation},
	url          = {https://environment.ec.europa.eu/topics/waste-and-recycling/end-life-vehicles/end-life-vehicles-regulation_en},
	year         = 2023,
}
@legislation{eu2023energy,
	author       = {{European Parliament} and {Council of the European Union}},
	date         = {2023-10-31},
	organization = {European Parliament and Council of the European Union},
	title        = {Directive (EU) 2023/2413 of the European Parliament and of the Council of 18 October 2023 amending Directive (EU) 2018/2001, Regulation (EU) 2018/1999 and Directive 98/70/EC as regards the promotion of energy from renewable sources, and repealing Council Directive (EU) 2015/652},
	type         = {Directive},
	url          = {https://eur-lex.europa.eu/legal-content/EN/TXT/PDF/?uri=OJ:L_202302413},
	year         = 2023,
}
@legislation{eu2023energycritique,
	author       = {{European Parliament} and {Council of the European Union}},
	date         = {2023-10-06},
	organization = {European Parliament and Council of the European Union},
	title        = {Draft Directive of the European Parliament and of the Council amending Directive (EU) 2018/2001, Regulation (EU) 2018/1999 and Directive 98/70/EC as regards the promotion of energy from renewable sources, and repealing Council Directive (EU) 2015/652 (first reading) - Interinstitutional File: 2021/0218(COD)},
	type         = {Interinstitutional File},
	url          = {https://data.consilium.europa.eu/doc/document/ST-13188-2023-ADD-1-REV-3/en/pdf},
	year         = 2023,
}
@legislation{eu2023repair,
	author      = {European Commission, Directorate-General for Justice and Consumers},
	institution = {European Commission},
	title       = {Proposal for a Directive of the European Parliament and of the Council on Common Rules Promoting the Repair of Goods and Amending Regulation (EU) 2017/2394, Directives (EU) 2019/771 and (EU) 2020/1828},
	type        = {Directive Proposal},
	url         = {https://eur-lex.europa.eu/resource.html?uri=cellar:cdbeaa83-c94e-11ed-a05c-01aa75ed71a1.0001.02/DOC_1&format=PDF},
	year        = 2023,
}
@misc{eu2023repairproject,
	author = {European Commission},
	title  = {Product Bureau | Circular Economy: Environmental and Waste Management},
	url    = {https://susproc.jrc.ec.europa.eu/product-bureau//product-groups/447/home},
	year   = 2023,
}
@online{euroal2023aluminium,
	author = {{European Aluminium}},
	note   = {Accessed: 15 November 2023},
	title  = {Aluminium Industry},
	url    = {https://european-aluminium.eu/about-aluminium/aluminium-industry/},
	year   = 2023,
}
@online{eurofer2023steel,
	author = {{European Steel Association (Eurofer)}},
	note   = {Accessed: 15 November 2023},
	title  = {European Steel in Figures},
	url    = {https://www.eurofer.eu/assets/publications/brochures-booklets-and-factsheets/european-steel-in-figures},
	year   = 2023,
}
@dataset{eurostat2023data,
	author = {Eurostat},
	title  = {Database - Eurostat},
	url    = {https://ec.europa.eu/eurostat/data/database},
	year   = 2023,
}
@dataset{eurostat2023population,
	author = {Eurostat and European Commission},
	title  = {Population projections - Population and demography - Eurostat},
	url    = {https://ec.europa.eu/eurostat/web/population-demography/population-projections},
	year   = 2023,
}
@article{fontagne2022gdp,
	author    = {Fontagn{\'e}, Lionel and Perego, Erica and Santoni, Gianluca},
	journal   = {International Economics},
	publisher = {Elsevier},
	title     = {MaGE 3.1: Long-term macroeconomic projections of the World economy},
	url       = {http://www.cepii.fr/PDF_PUB/wp/2021/wp2021-12.pdf},
	year      = 2022,
}
@report{forti2020weee,
	author       = {Forti, Vanessa and Balde, Cornelis P and Kuehr, Ruediger and others},
	isbn         = {978-92-808-9114-0},
	organization = {United Nations Institute for Training and Research},
	publisher    = {United Nations Institute for Training and Research},
	title        = {The Global E-waste Monitor 2020: Quantities, flows and the circular economy potential},
	url          = {https://ewastemonitor.info/wp-content/uploads/2020/11/GEM_2020_def_july1_low.pdf},
	year         = 2020,
}
@article{foure2013gdpmage,
	author    = {Four{\'e}, Jean and B{\'e}nassy-Qu{\'e}r{\'e}, Agn{\`e}s and Fontagn{\'e}, Lionel},
	doi       = {10.1111/ecot.12023},
	journal   = {Economics of Transition},
	publisher = {Wiley Online Library},
	title     = {Modelling the world economy at the 2050 horizon},
	year      = 2013,
}
@legislation{france2020repair,
	author = {{Minist{\`e}re de la transition {\'e}cologique}},
	title  = {D{\'e}cret n\textdegree 2020-1757 du 29 d{\'e}cembre 2020 relatif {\`a} l'indice de r{\'e}parabilit{\'e} des {\'e}quipements {\'e}lectriques et {\'e}lectroniques [{Decree} No. 2020-1757 of 29 December 2020 on the repairability index of electrical and electronic equipment]},
	year   = 2020,
}
@misc{futuram2022ca,
	author = {FutuRaM consortium},
	title  = {Consortium Agreement --- Project 101058522 --- FutuRaM},
	year   = 2022,
}
@misc{futuram2022ga,
	author = {European Commission, FutuRaM consortium},
	doi    = {10.3030/101058522},
	title  = {Grant Agreement --- Project 101058522 --- FutuRaM},
	url    = {https://cordis.europa.eu/project/id/101058522},
	year   = 2023,
}
@misc{futuram2022pmp,
	author = {James Horne, Kees Baldé},
	title  = {Project Management Plan --- Project 101058522 --- FutuRaM},
	year   = 2023,
}
@misc{futuram2023m6,
	author = {Remmen, Kirsten and Iattoni, Giulia and McDowall, Stewart Charles and Korf, Nathalie and Kippert, Katharina and Mogollon, Jose and Climent, Daniel Monfort and Yamamoto, Tales and Beylot, Antoine and Nelen, Dirk and  de Cunha, Sonia Martins and Dorri, Iman and Ljunggren, Maria and Frezot, Olivier and Heuss, Soraya and Wäger, Patrick},
	title  = {FutuRaM conceptual and methodological framework (M6 report) --- Project 101058522 --- FutuRaM},
	year   = 2023,
}
@article{geissdorfer2020circbusinessmodels,
	author  = {Martin Geissdoerfer and Marina P.P. Pieroni and Daniela C.A. Pigosso and others},
	doi     = {10.1016/j.jclepro.2020.123741},
	journal = {Journal of Cleaner Production},
	title   = {Circular business models: A review},
	url     = {https://doi.org/10.1016/j.jclepro.2020.123741},
	year    = 2020,
}
@article{geissinger2019sharing,
	author  = {Andrea Geissinger and Christofer Laurell and Christina Öberg and Christian Sandström},
	doi     = {10.1016/j.jclepro.2018.09.196},
	journal = {Journal of Cleaner Production},
	title   = {How sustainable is the sharing economy? On the sustainability connotations of sharing economy platforms},
	url     = {https://www.sciencedirect.com/science/article/pii/S0959652618329299},
	year    = 2019,
}
@article{giampietro2020cecritique,
	author    = {Mario Giampietro and Silvio O. Funtowicz},
	doi       = {10.1016/j.envsci.2020.04.012},
	journal   = {Environmental Science \& Policy},
	publisher = {Elsevier {BV}},
	title     = {From elite folk science to the policy legend of the circular economy},
	url       = {https://doi.org/10.1016%2Fj.envsci.2020.04.012},
	year      = 2020,
}
@article{graedel2011urbanmine,
	author    = {Graedel, Thomas E},
	journal   = {Bridge},
	publisher = {Citeseer},
	title     = {The prospects for urban mining},
	url       = {https://citeseerx.ist.psu.edu/document?repid=rep1&type=pdf&doi=3b07186f928bd4368b4db9d291683292d94b3723#page=45},
	year      = 2011,
}
@article{graedel2015materials,
	author  = {T. E. Graedel and E. M. Harper and N. T. Nassar and others},
	doi     = {10.1073/pnas.1312752110},
	journal = {Proceedings of the National Academy of Sciences},
	title   = {On the materials basis of modern society},
	url     = {https://doi.org/10.1073/pnas.1312752110},
	year    = 2015,
}
@misc{guardian2018ehrlich,
	author = {Damian Carrington},
	title  = {Interview with Paul Ehrlich: 'Collapse of civilisation is a near certainty within decades'},
	url    = {https://www.theguardian.com/cities/2018/mar/22/collapse-civilisation-near-certain-decades-population-bomb-paul-ehrlich},
	year   = 2018,
}
@article{hall1999gdp,
	author  = {Hall, Robert E. and Jones, Charles I.},
	journal = {Quarterly Journal of Economics},
	title   = {Why do some countries produce so much more output than others?},
	year    = 1999,
}
@report{halleux2021batt,
	author       = {Vivienne Halleux},
	organisation = {European Commission},
	publisher    = {EPRS: European Parliamentary Research Service},
	title        = {New EU regulatory framework for batteries: Setting sustainability requirements},
	url          = {https://www.europarl.europa.eu/thinktank/en/document/EPRS_BRI(2021)689337},
	year         = 2021,
}
@book{handbookofrecycling2023,
	edition   = 2,
	editor    = {Meskers, Christina and Worrell, Ernst and Reuter, Markus A},
	publisher = {Elsevier},
	title     = {Handbook of recycling},
	year      = 2023,
}
@article{hartley2024cepolitics,
	author    = {Hartley, Kris and Baldassarre, Brian and Kirchherr, Julian},
	doi       = {10.1016/j.jclepro.2023.140140},
	issn      = {0959-6526},
	journal   = {Journal of Cleaner Production},
	month     = jan,
	pages     = {140140},
	publisher = {Elsevier BV},
	title     = {Circular economy as crisis response: A primer},
	url       = {http://dx.doi.org/10.1016/j.jclepro.2023.140140},
	volume    = {434},
	year      = {2024},
}
@article{helander2023battelv,
	author  = {Harald Helander and Maria Ljunggren},
	doi     = {10.1016/j.resconrec.2023.107091},
	journal = {Resources, Conservation and Recycling},
	title   = {Battery as a service: Analysing multiple reuse and recycling loops},
	url     = {https://www.sciencedirect.com/science/article/pii/S0921344923002276},
	year    = 2023,
}
@article{hernandez2020repair,
	author    = {Hernandez, Ricardo J and Miranda, Constanza and Go{\~n}i, Julian},
	journal   = {Sustainability},
	publisher = {Mdpi},
	title     = {Empowering sustainable consumption by giving back to consumers the ‘right to repair’},
	year      = 2020,
}
@article{hool2023crm,
	author  = {Hool, Alessandra and Helbig, Christoph and Wierink, Gijsbert},
	doi     = {10.1007/s13563-023-00394-y},
	journal = {Mineral Economics},
	title   = {Challenges and opportunities of the European Critical Raw Materials Act},
	url     = {10.1007/s13563-023-00394-y},
	year    = 2023,
}
@article{hrytsiuk2023populationlogistic,
	author       = {Hrytsiuk, P and Parfeniuk, O and Shevchenko, I},
	booktitle    = {IOP Conference Series: Earth and Environmental Science},
	organization = {IOP Publishing},
	title        = {The logistic dynamics of population growth as a prerequisite for global sustainable development},
	year         = 2023,
}
@article{hsu2019delphi,
	author   = {Chia-Chien Hsu and Brian A. Sandford},
	doi      = {10.7275/pdz9-th90},
	journal  = {Practical Assessment, Research, and Evaluation},
	keywords = {Evaluation Methods,Research Methodology},
	title    = {The Delphi Technique: Making Sense of Consensus},
	url      = {https://scholarworks.umass.edu/pare/vol12/iss1/10},
	year     = 2019,
}
@report{huisman2015weee,
	author  = {Huisman, Jaco and Ioana, Botezatu and Herreras, Lucia and Liddane, Mary and Hintsa, Juha and Luda, Vittoria and Leroy, Pascal and Vermeersch, Elise and Mohanty, Sangeeta and van den Brink, Susan and Ghenciu, Bogdan and Dimitrova, Denitsa and Nash, Emily and Shryane, Therese and Wieting, Melanie and Kehoe, James and Bald\'{e}, Kees and Magalini, Federico and Zanasi, Alessandro and Bonzio, Alessandro},
	doi     = {10.13140/rg.2.1.4864.2328},
	journal = {Market Assessment, Legal Analysis, Crime Analysis and Recommendations Roadmap},
	title   = {Countering WEEE Illegal Trade (CWIT) Summary Report, Market Assessment, Legal Analysis, Crime Analysis and Recommendations Roadmap},
	url     = {http://i.unu.edu/media/ias.unu.edu-en/news/10221/CWIT-Final-Summary1.pdf},
	year    = 2015,
}
@report{huisman2017prosum,
	author = {Huisman, Jaco and Leroy, Pascal and Tertre, Francois and Ljunggren, Maria and Chancerel, Perrine and Cassard, Daniel and L\o{}vik, Amund and W\"{a}ger, Patrick and Kushnir, Duncan and Rotter, Vera and M\"{a}hlitz, Paul and Herreras, Luc\'{\i}a and Emmerich, Johanna and Hallberg, Anders and Habib, Hina and Wagner, Michelle and Downes, Sarah},
	doi    = {10.13140/rg.2.2.10451.89125},
	title  = {Prospecting Secondary Raw Materials in the Urban Mine and mining wastes (ProSUM) - Final Report},
	url    = {https://prosumproject.eu/sites/default/files/DIGITAL_Final_Report.pdf},
	year   = 2017,
}
@report{iea2004energyscenarios,
	author       = {International Energy Agency (IEA)},
	doi          = {10.1787/9789264019058-en},
	organization = {International Energy Agency (IEA)},
	title        = {Energy to 2050: Scenarios for a Sustainable Future},
	url          = {https://www.oecd-ilibrary.org/content/publication/9789264019058-en},
	year         = 2004,
}
@report{iea2020energytechperspectives,
	author = {International Energy Agency (IEA)},
	doi    = {10.1787/7c6b23db-en},
	title  = {Energy Technology Perspectives 2020},
	url    = {https://iea.blob.core.windows.net/assets/7f8aed40-89af-4348-be19-c8a67df0b9ea/Energy_Technology_Perspectives_2020_PDF.pdf},
	year   = 2023,
}
@report{iea2021crm,
	author       = {International Energy Agency (IEA)},
	organization = {International Energy Agency (IEA)},
	title        = {The Role of Critical Minerals in Clean Energy Transitions},
	url          = {https://www.iea.org/reports/the-role-of-critical-minerals-in-clean-energy-transitions},
	year         = 2021,
}
@report{iea2021netzero,
	author       = {International Energy Agency (IEA)},
	doi          = {10.1787/c8328405-en},
	organization = {International Energy Agency (IEA)},
	publisher    = {IEA},
	title        = {Net Zero by 2050},
	url          = {https://www.oecd-ilibrary.org/content/publication/c8328405-en},
	year         = 2021,
}
@report{iea2022renewables,
	author       = {International Energy Agency (IEA)},
	organization = {International Energy Agency (IEA)},
	title        = {Renewables 2022},
	url          = {https://www.iea.org/reports/renewables-2022},
	year         = 2022,
}
@misc{iea2022repower,
	author       = {International Energy Agency (IEA)},
	organization = {International Energy Agency (IEA)},
	title        = {Is the European Union on track to meet its REPowerEU goals?},
	url          = {https://www.iea.org/reports/is-the-european-union-on-track-to-meet-its-repowereu-goals},
	year         = 2022,
}
@report{iea2022worldenergyoutlook,
	author       = {International Energy Agency (IEA)},
	organization = {International Energy Agency (IEA)},
	title        = {World Energy Outlook 2022},
	url          = {https://iea.blob.core.windows.net/assets/830fe099-5530-48f2-a7c1-11f35d510983/WorldEnergyOutlook2022.pdf},
	year         = 2022,
}
@dataset{iea2022worldenergyoutlookdata,
	author       = {International Energy Agency (IEA)},
	organization = {International Energy Agency (IEA)},
	title        = {World Energy Outlook 2022},
	url          = {https://iea.blob.core.windows.net/assets/830fe099-5530-48f2-a7c1-11f35d510983/WorldEnergyOutlook2022.pdf},
	year         = 2022,
}
@report{iea2023crm,
	author       = {International Energy Agency (IEA)},
	organization = {International Energy Agency (IEA)},
	title        = {Critical Minerals Market Review 2023},
	url          = {https://www.iea.org/reports/critical-minerals-market-review-2023},
	year         = 2023,
}
@dataset{iea2023crmdata,
	author       = {International Energy Agency (IEA)},
	organization = {International Energy Agency (IEA)},
	title        = {Critical Minerals Demand Dataset},
	url          = {https://www.iea.org/data-and-statistics/data-product/critical-minerals-demand-dataset},
	year         = 2023,
}
@report{iea2023energytechperspectives,
	author = {International Energy Agency (IEA)},
	doi    = {10.1787/7c6b23db-en},
	title  = {Energy Technology Perspectives 2023},
	url    = {https://www.oecd-ilibrary.org/content/publication/7c6b23db-en},
	year   = 2023,
}
@report{iea2023evoutlook,
	author       = {International Energy Agency (IEA)},
	organization = {International Energy Agency (IEA)},
	title        = {Global EV Outlook 2023},
	url          = {https://iea.blob.core.windows.net/assets/dacf14d2-eabc-498a-8263-9f97fd5dc327/GEVO2023.pdf},
	year         = 2022,
}
@misc{iea2023model,
	author       = {International Energy Agency (IEA)},
	organization = {International Energy Agency (IEA)},
	title        = {Global Energy and Climate Model},
	url          = {https://www.iea.org/reports/global-energy-and-climate-model},
	year         = 2023,
}
@dataset{iea2023policy,
	author       = {International Energy Agency (IEA)},
	organization = {International Energy Agency (IEA)},
	title        = {Policies Database},
	url          = {https://www.iea.org/policies},
	year         = 2023,
}
@dataset{iea2023trl,
	author       = {International Energy Agency (IEA)},
	organization = {International Energy Agency (IEA)},
	title        = {ETP Clean Energy Technology Guide},
	url          = {https://www.iea.org/data-and-statistics/data-tools/etp-clean-energy-technology-guide},
	year         = 2023,
}
@dataset{ilo2011gdp,
	edition      = 6,
	organization = {International Labour Organization (ILO)},
	title        = {Estimates and projections of the economically active population: 1990-2020},
	year         = 2011,
}
@dataset{imf2011gdp,
	organization = {International Monetary Fund (IMF)},
	title        = {World economic outlook database},
	year         = 2011,
}
@report{ipcc2022land,
	author       = {Intergovernmental Panel on Climate Change (IPCC)},
	doi          = {10.1017/9781009157988},
	isbn         = {978-1-009-15801-5},
	organization = {Intergovernmental Panel on Climate Change (IPCC)},
	publisher    = {Cambridge University Press},
	title        = {Climate Change and Land},
	url          = {https://doi.org/10.1017/9781009157988},
	year         = 2022,
}
@report{ipcc2024climate,
	author       = {Lee, Hoesung and Calvin, Katherine and Dasgupta, Dipak and others},
	organization = {Intergovernmental Panel on Climate Change (IPCC)},
	title        = {Climate Change 2023 Synthesis Report Summary for Policymakers},
	url          = {https://www.ipcc.ch/report/ar6/syr/},
	year         = 2024,
}
@techreport{irp2018manufacturing,
	author      = {Nasr, Nabil and Russell, Jennifer and Bringezu, Stefan and Hellweg, Stefanie and Hilton, Brian and Kreiss, Cory and von Gries, Nadia},
	institution = {United Nations Environment Programme},
	title       = {Re-defining Value – The Manufacturing Revolution. Remanufacturing, Refurbishment, Repair and Direct Reuse in the Circular Economy},
	url         = {https://www.resourcepanel.org/file/1105/download?token=LPqPM9Bo},
	year        = 2018,
}
@techreport{irp2019globalresourcesoutlook,
	author      = {Oberle, B. and Bringezu, S. and Hatfeld-Dodds, S. and Hellweg, S. and Schandl, H. and Clement, J. and Cabernard, L. and Che, N. and Chen, D. and Droz-Georget, H. and Ekins, P. and Fischer-Kowalski, M. and Flörke, M. and Frank, S. and Froemelt, A. and Geschke, A. and Haupt, M. and Havlik, P. and Hüfner, R. and Lenzen, M. and Lieber, M. and Liu, B. and Lu, Y. and Lutter, S. and Mehr, J. and Miatto, A. and Newth, D. and Oberschelp, C. and Obersteiner, M. and Pfster, S. and Piccoli, E. and Schaldach, R. and Schüngel, J. and Sonderegger, T. and Sudheshwar, A. and Tanikawa, H. and van der Voet, E. and Walker, C. and West, J. and Wang, Z. and Zhu, B.},
	institution = {United Nations Environment Programme},
	title       = {Global Resources Outlook 2019: Natural Resources for the Future We Want},
	url         = {https://www.resourcepanel.org/reports/global-resources-outlook},
	year        = 2019,
}
@article{jiang2017ssp,
	author  = {Leiwen Jiang and Brian C. O'Neill},
	doi     = {10.1016/j.gloenvcha.2015.03.008},
	journal = {Global Environmental Change},
	title   = {Global urbanization projections for the Shared Socioeconomic Pathways},
	year    = 2017,
}
@report{jrc2019scenarioenergy,
	author    = {Mantzos L and Wiesenthal T and Neuwahl F and Rózsai M},
	doi       = {10.2760/32835},
	publisher = {European Commission},
	title     = {The POTEnCIA Central scenario: an EU energy outlook to 2050},
	url       = {https://publications.jrc.ec.europa.eu/repository/bitstream/JRC118353/potencia_central_scenario_online.pdf},
	year      = 2021,
}
@dataset{jrc2020reedemanddata,
	author = {{European Commission, Joint Research Centre}},
	note   = {Updated 2020-12-17, Accessed 2023-11-13},
	title  = {Forecast of Rare Earths Supply and Demand - Wind Energy and E-Mobility},
	url    = {http://data.europa.eu/89h/aa1fc9e1-360d-478e-a6da-51b092f30d32},
	year   = 2020,
}
@dataset{jrc2021energydata,
	author    = {Nijs Wouter},
	doi       = {10.5281/zenodo.5773884},
	publisher = {Zenodo},
	title     = {Energy Scenarios Tool - JRC - data behind the tool},
	url       = {http://data.europa.eu/89h/7ba27c89-117b-41e7-a452-f76a74d09c6a},
	year      = 2021,
}
@techreport{jrc2022energyclimateoutlook,
	author    = {Keramidas K and Fosse F and Diaz Rincon A and Dowling P and Garaffa R and Ordonez J and Russ P and Schade B and Schmitz A and Soria Ramirez A and Vandyck T and Weitzel M},
	doi       = {10.2760/863694 (online)},
	publisher = {Publications Office of the European Union},
	title     = {Global Energy and Climate Outlook 2022: Energy trade in a decarbonised world},
	type      = {Policy assessment},
	year      = 2022,
}
@report{jrc2023supplychain,
	author      = {Carrara, Stefano and Bobba, Silvia and Blagoeva, Darina and Alves Dias, Patricia and Cavalli, Alessandro and Georgitzikis, Konstantinos and Grohol, Michal and Itul, Andreea and Kuzov, Tsvetomir and Latunussa, Cynthia and Lyons, Liam and Malano, Giuseppe and Maury, Trine and Prior Arce, Amanda and Somers, Jo and Telsnig, Thomas and Veeh, Christos and Wittmer, Dominic and Black, Charlotte and Pennington, David and Christou, Michail},
	doi         = {10.2760/334074},
	institution = {Publications Office of the European Union},
	title       = {Supply chain analysis and material demand forecast in strategic technologies and sectors in the EU – A foresight study},
	url         = {https://publications.jrc.ec.europa.eu/repository/bitstream/JRC132889/JRC132889_01.pdf},
	year        = 2023,
}
@report{jrc2023supplychaindata,
	author      = {Carrara Samuel and Bobba Silvia and Blagoeva Darina and Alves Dias Patricia and Cavalli Alessandro and Georgitzikis Konstantinos and Grohol Milan and Itul Anca and Kuzov Teodor and Latunussa Cynthia and Lyons Lorcan and Malano Giorgia and Maury Thibaut and Prior Arce Angel and Somers Julian and Telsnig Thomas and Veeh Constanze and Wittmer Dominic and Black Catriona and Pennington David and Christou Michalis},
	doi         = {10.5281/zenodo.7736782},
	institution = {Publications Office of the European Union},
	title       = {Supply chain analysis and material demand forecast in strategic technologies and sectors in the EU – A foresight study},
	url         = {https://doi.org/10.5281/zenodo.7736782},
	year        = 2023,
}
@article{kahn1967scenarios,
	author    = {Herman Kahn and Anthony J. Wiener},
	journal   = {Daedalus},
	publisher = {The MIT Press},
	title     = {The Next Thirty-Three Years: A Framework for Speculation},
	url       = {http://www.jstor.org/stable/20027066},
	year      = 1967,
}
@article{keilman2020populationuncertainty,
	author    = {Keilman, Nico},
	doi       = {10.1146/annurev-resource-110319-114841},
	journal   = {Annual Review of Resource Economics},
	publisher = {Annual Reviews},
	title     = {Uncertainty in population forecasts for the twenty-first century},
	url       = {https://www.annualreviews.org/doi/pdf/10.1146/annurev-resource-110319-114841},
	year      = 2020,
}
@article{kirchherr2017circ,
	author  = {Julian Kirchherr and Denise Reike and Marko Hekkert},
	doi     = {10.1016/j.resconrec.2017.09.005},
	journal = {Resources, Conservation and Recycling},
	title   = {Conceptualizing the circular economy: An analysis of 114 definitions},
	url     = {https://www.sciencedirect.com/science/article/pii/S0921344917302835},
	year    = 2017,
}
@dataset{koch2023sspdata,
	author    = {Koch, Johannes and Leimbach, Marian},
	doi       = {10.5281/zenodo.8116099},
	publisher = {Zenodo},
	title     = {Updated SSP scenarios},
	url       = {https://doi.org/10.5281/zenodo.8116099},
	year      = 2023,
}
@article{koch2023sspeco,
	author  = {Johannes Koch and Marian Leimbach},
	doi     = {https://doi.org/10.1016/j.ecolecon.2023.107751},
	journal = {Ecological Economics},
	title   = {SSP economic growth projections: Major changes of key drivers in integrated assessment modelling},
	url     = {https://www.sciencedirect.com/science/article/pii/S0921800923000149},
	year    = 2023,
}
@article{kokkinos2023methodspestel,
	author  = {Konstantinos Kokkinos and Vayos Karayannis and Nicholas Samaras and others},
	doi     = {10.1016/j.jclepro.2023.138251},
	journal = {Journal of Cleaner Production},
	title   = {Multi-scenario analysis on hydrogen production development using PESTEL and FCM models},
	url     = {https://www.sciencedirect.com/science/article/pii/S0959652623024095},
	year    = 2023,
}
@article{lauber2016germanyenergychange,
	author  = {Volkmar Lauber and Staffan Jacobsson},
	doi     = {10.1016/j.eist.2015.06.005},
	journal = {Environmental Innovation and Societal Transitions},
	title   = {The politics and economics of constructing, contesting and restricting socio-political space for renewables – The German Renewable Energy Act},
	url     = {https://www.sciencedirect.com/science/article/pii/S2210422415000507},
	year    = 2016,
}
@article{leimbach2017ssp,
	author    = {Marian Leimbach and Elmar Kriegler and Niklas Roming and Jana Schwanitz},
	doi       = {10.1016/j.gloenvcha.2015.02.005},
	journal   = {Global Environmental Change},
	publisher = {Elsevier {BV}},
	title     = {Future growth patterns of world regions {\textendash} A {GDP} scenario approach},
	year      = 2017,
}
@report{ljunggren2022elv,
	author       = {Ljunggren, L. and L\o{}vik, A. and Kushnir, D. and others},
	organization = {European Commission},
	title        = {RMIS – Raw materials in vehicles},
	url          = {https://rmis.jrc.ec.europa.eu/veh\#/p/intro},
	year         = 2022,
}
@article{llorentegonzalez2019cecritique,
	article-number = 4898,
	author         = {Llorente-González, Leandro Javier and Vence, Xavier},
	doi            = {10.3390/su11184898},
	journal        = {Sustainability},
	title          = {Decoupling or ‘Decaffing’? The Underlying Conceptualization of Circular Economy in the European Union Monitoring Framework},
	url            = {https://www.mdpi.com/2071-1050/11/18/4898},
	year           = 2019,
}
@article{lloyd2014objectivity,
	author    = {Lloyd, Elisabeth A and Schweizer, Vanessa J},
	doi       = {10.1007/s11229-013-0353-6},
	journal   = {Synthese},
	publisher = {Springer},
	title     = {Objectivity and a comparison of methodological scenario approaches for climate change research},
	url       = {https://doi.org/10.1007/s11229-013-0353-6},
	year      = 2014,
}
@report{lovik2021elv,
	author       = {L\o{}vik, A. and Marmy, C. and Ljunggren, M. and others},
	doi          = {10.2760/351825},
	isbn         = {978-92-76-45213-3},
	organization = {European Commission},
	title        = {Material composition trends in vehicles: critical raw materials and other relevant metals},
	url          = {https://publications.jrc.ec.europa.eu/repository/bitstream/JRC126564/JRC126564_01.pdf},
	year         = 2021,
}
@article{mahmoud2009scenarios,
	author  = {Mohammed Mahmoud and Yuqiong Liu and Holly Hartmann and Steven Stewart and Thorsten Wagener and Darius Semmens and Robert Stewart and Hoshin Gupta and Damian Dominguez and Francina Dominguez and David Hulse and Rebecca Letcher and Brenda Rashleigh and Court Smith and Roger Street and Jenifer Ticehurst and Mark Twery and Hedwig {van Delden} and Ruth Waldick and Denis White and Larry Winter},
	doi     = {10.1016/j.envsoft.2008.11.010},
	journal = {Environmental Modelling \& Software},
	title   = {A formal framework for scenario development in support of environmental decision-making},
	url     = {https://doi.org/10.1016/j.envsoft.2008.11.010},
	year    = 2009,
}
@article{maitreekern2019rex,
	author  = {Eléonore Maitre-Ekern and Carl Dalhammar},
	doi     = {10.1177/1023263X19840943},
	journal = {Maastricht Journal of European and Comparative Law},
	title   = {Towards a hierarchy of consumption behaviour in the circular economy},
	url     = {https://doi.org/10.1177/1023263X19840943},
	year    = 2019,
}
@article{makov2018sharing,
	author    = {Makov, Tamar and Font Vivanco, David},
	doi       = {10.3389/fenrg.2018.00039},
	journal   = {Frontiers in Energy Research},
	publisher = {Frontiers Media SA},
	title     = {Does the circular economy grow the pie? The case of rebound effects from smartphone reuse},
	url       = {https://www.frontiersin.org/articles/10.3389/fenrg.2018.00039/full},
	year      = 2018,
}
@report{mancini2013supplysecurity,
	author       = {Mancini, Lucia and De Camillis, Camillo and Pennington, David},
	doi          = {10.2788/94926},
	organization = {European Commission},
	title        = {Security of supply and scarcity of raw materials: Towards a methodological framework for sustainability assessment},
	url          = {https://eplca.jrc.ec.europa.eu/uploads/RawMat-scarcity-of-raw-materials.pdf},
	year         = 2013,
}
@article{mankiw1992gdp,
	author  = {Mankiw, N. Gregory and Romer, David and Weil, David N.},
	journal = {Quarterly Journal of Economics},
	title   = {A contribution to the empirics of economic growth},
	year    = 1992,
}
@article{marino2020ce,
	author   = {Alfonso Marino and Paolo Pariso},
	doi      = {10.1016/j.scitotenv.2020.138142},
	journal  = {Science of The Total Environment},
	keywords = {Cross national comparative study, Circular Economy, Europe, Growth Domestic Product, 3R actions},
	title    = {Comparing European countries' performances in the transition towards the Circular Economy},
	url      = {https://www.sciencedirect.com/science/article/pii/S0048969720316557},
	year     = 2020,
}
@article{mitra2005reman,
	author  = {Subrata Mitra},
	doi     = {https://doi.org/10.1016/j.omega.2005.10.003},
	journal = {Omega},
	title   = {Revenue management for remanufactured products},
	url     = {https://www.sciencedirect.com/science/article/pii/S030504830500157X},
	year    = 2007,
}
@report{moeslinger2022repair,
	author      = {Moeslinger, M. and Almasy, K. and Jamard, M. and De Maupeou, H.},
	doi         = {10.2760/42722},
	institution = {Publications Office of the European Union},
	title       = {Towards an Effective Right to Repair for Electronics},
	type        = {JRC Technical Reports},
	url         = {https://publications.jrc.ec.europa.eu/repository/bitstream/JRC129957/JRC129957_01.pdf},
	year        = 2022,
}
@report{mononen2022mining,
	author    = {Mononen, Tuija and Kivinen, Sonja and Kotilainen, Juha M and others},
	publisher = {European Commission},
	title     = {Social and Environmental Impacts of Mining Activities in the EU},
	url       = {https://www.europarl.europa.eu/thinktank/en/document/IPOL_STU(2022)729156},
	year      = 2022,
}
@report{morrisson2010gdp,
	author      = {Morrisson, Christian and Murtin, Fabrice},
	institution = {London School of Economics},
	title       = {The {K}uznets curve of education: A global perspective on education inequalities},
	year        = 2010,
}
@article{morseletto2020cetargets,
	author  = {Piero Morseletto},
	doi     = {10.1016/j.resconrec.2019.104553},
	journal = {Resources, Conservation and Recycling},
	title   = {Targets for a circular economy},
	url     = {https://www.sciencedirect.com/science/article/pii/S0921344919304598},
	year    = 2020,
}
@article{moschen2023cdw,
	author  = {Julia Moschen-Schimek and Thomas Kasper and Marion Huber-Humer},
	doi     = {10.1016/j.wasman.2023.05.020},
	journal = {Waste Management},
	title   = {Critical review of the recovery rates of construction and demolition waste in the European Union --– An analysis of influencing factors in selected EU countries},
	url     = {https://www.sciencedirect.com/science/article/pii/S0956053X23003616},
	year    = 2023,
}
@inbook{narbonperpina2020weee,
	author    = {Narb{\'o}n-Perpi{\~{n}}{\'a}, Isabel and Prior, Diego},
	booktitle = {E-waste Recycling and Management: Present Scenarios and Environmental Issues},
	doi       = {10.1007/978-3-030-14184-4_7},
	editor    = {Khan, Anish and Inamuddin and Asiri, Abdullah M.},
	isbn      = {978-3-030-14184-4},
	publisher = {Springer International Publishing},
	title     = {Management of Waste Electrical and Electronic Equipment in European Union Countries: A Comparison},
	url       = {https://doi.org/10.1007/978-3-030-14184-4_7},
	year      = 2020,
}
@dataset{ngfs2022climate,
	author  = {Richters, Oliver and Bertram, Christoph and Kriegler, Elmar and Al Khourdajie, Alaa and Cui, Ryna and Edmonds, Jae and Hackstock, Philip and Holland, Dawn and Hurst, Ian and Kikstra, Jarmo and Lewis, Jared and Liadze, Iana and Meinshausen, Malte and Min, Jihoon and Nicholls, Zebedee and Piontek, Franziska and Sauer, Inga and Sferra, Fabio and Sanchez Juanino, Patricia and van Ruijven, Bas and Weigmann, Pascal and Yu, Sha and Zhao, Alicia and Zwerling, Matthew},
	doi     = {10.5281/zenodo.7198430},
	title   = {NGFS Climate Scenarios Data Set},
	url     = {https://data.ece.iiasa.ac.at/ngfs-phase-3/#/workspaces},
	version = {3.4},
	year    = 2022,
}
@legislation{nl2016ceplan,
	author = {Government of the Netherlands},
	title  = {A Circular Economy in the Netherlands by 2050},
	url    = {https://circulareconomy.europa.eu/platform/sites/default/files/17037circulaireeconomie_en.pdf},
	year   = 2016,
}
@legislation{nl2023ceplan,
	author = {Government of the Netherlands},
	title  = {National Circular Economy Programme 2023-2030},
	url    = {https://www.government.nl/binaries/government/documenten/reports/2023/09/27/national-circular-economy-programme-2023-2030/NPCE+Circulaire+Economie+rapport+Engels.pdf},
	year   = 2023,
}
@report{oecd2011gdp,
	organization = {OECD},
	title        = {Economic outlook},
	year         = 2011,
}
@report{oecd2012environment,
	author    = {OECD},
	doi       = {10.1787/9789264122246-en},
	journal   = {OECD Environmental Outlook},
	publisher = {OECD},
	title     = {OECD Environmental Outlook to 2050},
	url       = {https://www.oecd-ilibrary.org/content/publication/9789264122246-en},
	year      = 2012,
}
@misc{oecd2012gdp,
	author       = {OECD},
	organization = {OECD},
	title        = {Long-term growth scenarios},
	year         = 2012,
}
@report{oecd2015greengrowth,
	author = {OECD},
	doi    = {https://doi.org/https://doi.org/10.1787/9789264190504-en},
	isbn   = 9789264190498,
	title  = {Material Resources, Productivity and the Environment},
	url    = {https://www.oecd-ilibrary.org/content/publication/9789264190504-en},
	year   = 2015,
}
@report{oecd2021energyfrance,
	author    = {International Energy Agency and R\'{e}seau de Transport d'Electricit\'{e}},
	doi       = {10.1787/6be9f3ac-en},
	publisher = {International Energy Agency and R\'{e}seau de Transport d'Electricit\'{e}},
	title     = {Conditions and Requirements for the Technical Feasibility of a Power System with a High Share of Renewables in France Towards 2050},
	url       = {https://www.oecd-ilibrary.org/content/publication/6be9f3ac-en},
	year      = 2021,
}
@dataset{oecd2021gdpdata,
	author = {OECD},
	doi    = {10.1787/cbdb49e6-en},
	note   = {Accessed on 01 November 2023},
	title  = {Long-term baseline projections, No. 109 (Edition 2021)},
	url    = {https://www.oecd-ilibrary.org/content/data/cbdb49e6-en},
	year   = 2021,
}
@report{oecd2021gdpmethod,
	author = {Yvan Guillemette and David Turner},
	doi    = {10.1787/a112307e-en},
	title  = {The long game: Fiscal outlooks to 2060 underline need for structural reform},
	url    = {https://www.oecd-ilibrary.org/content/paper/a112307e-en},
	year   = 2021,
}
@report{oecd2022netzeroswiss,
	author       = {OECD and Nuclear Energy Agency},
	doi          = {10.1787/ac21f8be-en},
	organization = {OECD and Nuclear Energy Agency},
	title        = {Achieving Net Zero Carbon Emissions in Switzerland in 2050},
	url          = {https://www.oecd-ilibrary.org/content/publication/ac21f8be-en},
	year         = 2022,
}
@dataset{ons2023population,
	author       = {Office for National Statistics --- {ONS}},
	howpublished = {\url{https://www.ons.gov.uk/peoplepopulationandcommunity/populationandmigration}},
	note         = {(Accessed on 10/30/2023)},
	title        = {2020-based interim national population projections: year ending June 2022 estimated international migration variant},
	url          = {https://www.ons.gov.uk/file?uri=/peoplepopulationandcommunity/populationandmigration/populationprojections/datasets/2020basedinterimnationalpopulationprojectionsyearendingjune2022estimatedinternationalmigrationvariant/ukpopulationxmlopendata/ukppvopendata2020.xls},
	year         = 2023,
}
@report{parajuly2019weee,
	author       = {Parajuly, K. and Kuehr, R. and Awasthi, A. K. and others},
	institution  = {StEP Initiative, UNU ViE-SCYCLE, UNEP IETC},
	organization = {United Nations Environment Programme (UNEP), International Environmental Technology Centre (IETC), United Nations University (UNU),  United Nations Institute for Training and Research (UNITAR)},
	title        = {Future {E}-waste Scenarios},
	url          = {https://www.unep.org/ietc/resources/publication/future-e-waste-scenarios},
	year         = 2019,
}
@report{pardo2018ce,
	author      = {R. Pardo and J.P. Schweitzer},
	institution = {Think2030},
	note        = {Produced for the Think2030 project},
	title       = {A Long-term Strategy for a European Circular Economy – Setting the Course for Success},
	type        = {Policy Paper},
	year        = 2018,
}
@report{pbl2021ce,
	author      = {Hanemaaijer, Aldert and Kishna, Maikel and Koch, Julia and Prins, Anne Gerdien and Wilting, Harry},
	institution = {PBL Netherlands Environmental Assessment Agency},
	title       = {Possible Objectives for a Circular Economy: Summary of the Dutch policy brief ‘Mogelijke doelen voor een Circulaire Economie’},
	url         = {https://www.pbl.nl/sites/default/files/downloads/pbl-2021-possible-objectives-for-a-circular-economy-4685.pdf},
	year        = 2021,
}
@report{ps2share2017sharing,
	author    = {Alberta Andreotti and Guido Anselmi and Thomas Eichhorn and Christian Pieter Hoffmann and Marina Micheli},
	doi       = {10.5167/uzh-149823},
	publisher = {European Union's Horizon 2020},
	title     = {Participation in the Sharing Economy : Report from the EU H2020 Research Project Ps2Share: Participation, Privacy, and Power in the Sharing Economy},
	url       = {https://www.bi.edu/globalassets/forskning/h2020/participation-working-paper.pdf},
	year      = 2017,
}
@report{pwc2016sharing,
	author = {Robert Vaughan and Raphael Daverio},
	title  = {PWC report for DG-Grow: Analytical paper on the economic scale and growth of the collaborative economy},
	url    = {https://ec.europa.eu/docsroom/documents/16954/attachments/1/translations/en/renditions/native},
	year   = 2016,
}
@article{qinli2002recycling,
	author    = {Li, Fang-Qin and Wang, Peng and Chen, Wei and Chen, Wei-Qiang and Wen, Bo-jie and Dai, Tao},
	doi       = {10.1016/j.spc.2022.01.018},
	journal   = {Sustainable Production and Consumption},
	publisher = {Elsevier BV},
	title     = {Exploring recycling potential of rare, scarce, and scattered metals: Present status and future directions},
	url       = {http://dx.doi.org/10.1016/j.spc.2022.01.018},
	year      = 2022,
}
@article{reike2018rex,
	author   = {Denise Reike and Walter J.V. Vermeulen and Sjors Witjes},
	doi      = {https://doi.org/10.1016/j.resconrec.2017.08.027},
	journal  = {Resources, Conservation and Recycling},
	keywords = {Circular economy, Circularity, Closed-loop economy, Value preservation, Literature review},
	note     = {Sustainable Resource Management and the Circular Economy},
	title    = {The circular economy: New or Refurbished as CE 3.0? — Exploring Controversies in the Conceptualization of the Circular Economy through a Focus on History and Resource Value Retention Options},
	url      = {https://www.sciencedirect.com/science/article/pii/S0921344917302756},
	year     = 2018,
}
@misc{remind2020model,
	author = {Tino Aboumahboub and Cornelia Auer and Nico Bauer and Lavinia Baumstark and Christoph Bertram and Stephen Bi and Jan Dietrich and Alois Dirnaichner and Anastasis Giannousakis and Markus Haller and Jerome Hilaire and David Klein and Johannes Koch and Alexander Körner and Elmar Kriegler and Marian Leimbach and Antoine Levesque and Alexander Lorenz and Gunnar Luderer and Sylvie Ludig and Michael Lüken and Aman Malik and Susanne Manger and Leon Merfort and Ioanna Mouratiadou and Michaja Pehl and Robert Pietzker and Franziska Piontek and Laura Popin and Sebastian Rauner and Renato Rodrigues and Niklas Roming and Marianna Rottoli and Eva Schmidt and Felix Schreyer and Anselm Schultes and Björn Sörgel and Jessica Strefler and Falko Ueckerdt},
	title  = {REMIND - REgional Model of INvestments and Development - Version 2.1.0},
	url    = {https://www.pik-potsdam.de/research/transformation-pathways/models/remind},
	year   = 2020,
}
@article{reuter2012recyclinglimits,
	author    = {Reuter, Markus and van Schaik, Antoinette},
	doi       = {10.1557/mrs.2012.57},
	journal   = {MRS Bulletin},
	publisher = {Springer Science and Business Media LLC},
	title     = {Opportunities and limits of recycling: A dynamic-model-based analysis},
	url       = {http://dx.doi.org/10.1557/mrs.2012.57},
	year      = 2012,
}
@misc{reuter2019aurubis,
	author = {Aurubis},
	title  = {ReShape The Future Magazine --- Aurubis annual report 2018/19},
	url    = {https://annualreport2018-19.aurubis.com/fileadmin/user_upload/AUR_AR2018-19_Magazine_-_Reshape_the_future.pdf},
	year   = 2019,
}
@article{ruizpastor2023repair,
	author  = {Laura Ruiz-Pastor and Jaime A. Mesa},
	doi     = {https://doi.org/10.1016/j.jclepro.2023.136434},
	journal = {Journal of Cleaner Production},
	title   = {Proposing an integrated indicator to measure product repairability},
	url     = {https://www.sciencedirect.com/science/article/pii/S0959652623005929},
	year    = 2023,
}
@article{sagar2022repair,
	author  = {Dangal, Sagar and Faludi, Jeremy and Balkenende, Ruud},
	doi     = {10.3390/su14148634},
	journal = {Sustainability},
	title   = {Design Aspects in Repairability Scoring Systems: Comparing Their Objectivity and Completeness},
	url     = {https://www.mdpi.com/2071-1050/14/14/8634},
	year    = 2022,
}
@article{samir2017ssp,
	author  = {Samir KC and Wolfgang Lutz},
	doi     = {10.1016/j.gloenvcha.2014.06.004},
	journal = {Global Environmental Change},
	title   = {The human core of the shared socioeconomic pathways: Population scenarios by age, sex and level of education for all countries to 2100},
	year    = 2017,
}
@inbook{sansa2021methodspestel,
	author    = {Sansa, Manel and Badreddine, Ahmed and Romdhane, Taieb Ben},
	booktitle = {Methods in sustainability science},
	doi       = {10.1016/b978-0-12-823987-2.00019-2},
	publisher = {Elsevier},
	title     = {Sustainable design based on LCA and operations management methods: SWOT, PESTEL, and 7S},
	url       = {https://doi.org/10.1016/B978-0-12-823987-2.00019-2},
	year      = 2021,
}
@inbook{sardesai2021,
	author    = {Sardesai, Saskia and Stute, Markus and Kamphues, Josef},
	booktitle = {Next Generation Supply Chains: A Roadmap for Research and Innovation},
	doi       = {10.1007/978-3-030-63505-3_2},
	editor    = {Fornasiero, Rosanna and Sardesai, Saskia and Barros, Ana Cristina and Matopoulos, Aristides},
	isbn      = {978-3-030-63505-3},
	publisher = {Springer International Publishing},
	title     = {A Methodology for Future Scenario Planning},
	url       = {https://link.springer.com/chapter/10.1007/978-3-030-63505-3_2},
	year      = 2021,
}
@article{sihvonena2015reman,
	author    = {Siru Sihvonen and Tuomas Ritola},
	doi       = {10.1016/j.procir.2015.01.026},
	journal   = {Procedia {CIRP}},
	publisher = {Elsevier {BV}},
	title     = {Conceptualizing {ReX} for Aggregating End-of-life Strategies in Product Development},
	url       = {https://doi.org/10.1016%2Fj.procir.2015.01.026},
	year      = 2015,
}
@book{simon1983ultimateresource,
	author    = {Simon, Julian Lincoln},
	publisher = {Princeton University Press},
	title     = {The ultimate resource},
	year      = 1983,
}
@book{simon1998ultimateresource2,
	author    = {Simon, Julian Lincoln},
	publisher = {Princeton University Press},
	title     = {The ultimate resource 2},
	year      = 1998,
}
@article{singhal2020reman,
	author  = {Deepak Singhal and Sushanta Tripathy and Sarat Kumar Jena},
	doi     = {https://doi.org/10.1016/j.resconrec.2020.104681},
	journal = {Resources, Conservation and Recycling},
	title   = {Remanufacturing for the circular economy: Study and evaluation of critical factors},
	url     = {https://www.sciencedirect.com/science/article/pii/S0921344920300033},
	year    = 2020,
}
@article{skea2021outlooks,
	author    = {Skea, Jim and van Diemen, Ren{\'e}e and Portugal-Pereira, Joana and others},
	journal   = {Technological Forecasting and Social Change},
	publisher = {Elsevier},
	title     = {Outlooks, explorations and normative scenarios: Approaches to global energy futures compared},
	year      = 2021,
}
@article{spaniol2017scenarios,
	author  = {Spaniol, Matthew and Rowland, Nicholas},
	doi     = {10.1016/j.futures.2017.09.006},
	journal = {Futures},
	title   = {The scenario planning paradox},
	url     = {https://doi.org/10.1016/j.futures.2017.09.006},
	year    = 2017,
}
@article{ssp2017narrative,
	author  = {Detlef P. {van Vuuren} and Keywan Riahi and Katherine Calvin and Rob Dellink and Johannes Emmerling and Shinichiro Fujimori and Samir KC and Elmar Kriegler and Brian O’Neill},
	doi     = {10.1016/j.gloenvcha.2016.10.009},
	journal = {Global Environmental Change},
	title   = {The Shared Socio-economic Pathways: Trajectories for human development and global environmental change},
	url     = {https://www.sciencedirect.com/science/article/pii/S0959378016301790},
	year    = 2017,
}
@article{ssp2020ghg,
	author  = {Meinshausen, M. and Nicholls, Z. R. J. and Lewis, J. and Gidden, M. J. and Vogel, E. and Freund, M. and Beyerle, U. and Gessner, C. and Nauels, A. and Bauer, N. and Canadell, J. G. and Daniel, J. S. and John, A. and Krummel, P. B. and Luderer, G. and Meinshausen, N. and Montzka, S. A. and Rayner, P. J. and Reimann, S. and Smith, S. J. and van den Berg, M. and Velders, G. J. M. and Vollmer, M. K. and Wang, R. H. J.},
	doi     = {10.5194/gmd-13-3571-2020},
	journal = {Geoscientific Model Development},
	title   = {The shared socio-economic pathway (SSP) greenhouse gas concentrations and their extensions to 2500},
	url     = {https://gmd.copernicus.org/articles/13/3571/2020/},
	year    = 2020,
}
@book{stahel2019ce,
	author = {Stahel, Walter},
	isbn   = {978-0-367-20014-5},
	title  = {The Circular Economy - a user's guide},
	year   = 2019,
}
@article{steubing2016matrix,
	author    = {Steubing, Bernhard and Mutel, Christopher and Suter, Florian and others},
	journal   = {The International Journal of Life Cycle Assessment},
	publisher = {Springer},
	title     = {Streamlining scenario analysis and optimization of key choices in value chains using a modular LCA approach},
	year      = 2016,
}
@article{svensson2018repair,
	author  = {Svensson, S. and Richter, J. L. and Maitre-Ekern, E. and Pihlajarinne, T. and Maigret, A. and Dalhammar, C.},
	journal = {Going Green Care Innovation},
	title   = {The Emerging ‘Right to Repair’ legislation in the EU and the U.S.},
	year    = 2018,
}
@report{szczepanski2021resilience,
	author    = {Szczepa\'{n}ski, Marcin},
	publisher = {European Parliamentary Research Service (ERPS)},
	title     = {Resilience of global supply chains: Challenges and solutions},
	url       = {https://www.europarl.europa.eu/thinktank/en/document/EPRS_BRI(2021)698815},
	year      = 2021,
}
@report{tazi2023elv,
	author       = {Tazi, N. and Orefice, M. and Marmy, C. and Baron, Y. and Ljunggren, M. and W\"{a}ger, P. and Mathieux, F.},
	doi          = {10.2760/207541},
	organization = {European Commission},
	title        = {Initial analysis of selected measures to improve the circularity of critical raw materials and other materials in vehicles},
	url          = {https://publications.jrc.ec.europa.eu/repository/handle/JRC132821},
	year         = 2023,
}
@online{tuv2023repair,
	author = {TÜV SÜD},
	title  = {Repairability Testing | TÜV SÜD},
	url    = {https://www.tuvsud.com/en/services/testing/repairability-testing},
	year   = 2023,
}
@legislation{un2015sdg,
	author = {{United Nations General Assembly}},
	title  = {Transforming our world: the 2030 Agenda for Sustainable Development},
	url    = {https://www.refworld.org/docid/57b6e3e44.html},
	year   = 2015,
}
@report{un2023weee,
	author    = {United Nations Environment Programme, United Nations Institute for Training and Research},
	publisher = {United Nations Environment Programme},
	title     = {Electronic and Electrical Waste Outlook in West Asia},
	url       = {https://wedocs.unep.org/20.500.11822/42147},
	year      = 2023,
}
@report{unep2019globalresourcesoutlook,
	author       = {Oberle, Bruno and Bringezu, Stefan and Hatfield-Dodds, Steve and others},
	isbn         = {978-92-807-3741-7},
	organization = {United Nations Environment Programme},
	title        = {Global Resources Outlook: 2019},
	url          = {https://www.resourcepanel.org/reports/global-resources-outlook},
	year         = 2019,
}
@misc{unfc2023,
	author       = {United Nations Economic Commission for Europe (UNECE)},
	organization = {United Nations Economic Commission for Europe (UNECE)},
	title        = {{U}nited {N}ations {F}ramework {C}lassification for {R}esources ({U}{N}{F}{C})},
	url          = {https://unece.org/sustainable-energy/sustainable-resource-management/united-nations-framework-classification},
	year         = 2023,
}
@article{vanella2020populationprojections,
	author  = {Vanella, Patrizio and Deschermeier, Philipp and Wilke, Christina B.},
	doi     = {10.3390/forecast2030019},
	journal = {Forecasting},
	title   = {An Overview of Population Projections--Methodological Concepts, International Data Availability, and Use Cases},
	url     = {https://www.mdpi.com/2571-9394/2/3/19},
	year    = 2020,
}
@article{vannotten2003scenario,
	author  = {Philip W.F {van Notten} and Jan Rotmans and Marjolein B.A {van Asselt} and others},
	doi     = {10.1016/s0016-3287(02)00090-3},
	journal = {Futures},
	title   = {An updated scenario typology},
	url     = {https://www.sciencedirect.com/science/article/pii/S0016328702000903},
	year    = 2003,
}
@article{vermeulen2019rex,
	author  = {Vermeulen, Walter and Reike, Denise and Witjes, Sjors},
	journal = {Renewable Matter},
	title   = {Circular Economy 3.0 - Solving confusion around new conceptions of circularity by synthesising and re-organising the 3R's concept into a 10R hierarchy},
	url     = {https://www.ru.nl/publish/pages/940104/renewable_matters_tt_vermeulen.pdf},
	year    = 2019,
}
@online{visualcapitalist2023steel,
	author = {{Visual Capitalist}},
	note   = {Accessed: 15 November 2023},
	title  = {Visualizing 50 Years of Global Steel Production},
	url    = {https://www.visualcapitalist.com/visualizing-50-years-of-global-steel-production/},
	year   = 2023,
}
@article{vogl2020steelgreen,
	author    = {Vogl, Valentin and Åhman, Max and Nilsson, Lars J.},
	doi       = {10.1080/14693062.2020.1803040},
	journal   = {Climate Policy},
	publisher = {Informa UK Limited},
	title     = {The making of green steel in the EU: a policy evaluation for the early commercialization phase},
	url       = {http://dx.doi.org/10.1080/14693062.2020.1803040},
	year      = 2020,
}
@article{wagner2021repair,
	author  = {Eduard Wagner and Ellen Bracquené and Melanie Jaeger-Erben},
	doi     = {https://doi.org/10.1016/j.jclepro.2020.125259},
	journal = {Journal of Cleaner Production},
	title   = {Exploring 14 years of repair records – information retrieval, analysis potential and data gaps to improve reparability},
	url     = {https://www.sciencedirect.com/science/article/pii/S0959652620353038},
	year    = 2021,
}
@inbook{walker2013uncertainty,
	author    = {Walker, Warren E. and Lempert, Robert J. and Kwakkel, Jan H.},
	booktitle = {Encyclopedia of Operations Research and Management Science},
	doi       = {10.1007/978-1-4419-1153-7_1140},
	editor    = {Gass, Saul I. and Fu, Michael C.},
	isbn      = {978-1-4419-1153-7},
	publisher = {Springer US},
	title     = {Deep Uncertainty},
	url       = {https://doi.org/10.1007/978-1-4419-1153-7_1140},
	year      = 2013,
}
@article{wieser2018,
	author  = {Wieser, H. and Tr{\"o}ger, N.},
	doi     = {10.1016/j.jclepro.2017.11.106},
	journal = {Journal of Cleaner Production},
	title   = {Exploring the inner loops of the circular economy: Replacement, repair, and reuse of mobile phones in Austria},
	url     = {https://doi.org/10.1016/j.jclepro.2017.11.106},
	year    = 2018,
}
@article{wollenberg2000,
	author  = {Eva Wollenberg and David Edmunds and Louise Buck},
	doi     = {10.1016/s0169-2046(99)00071-7},
	journal = {Landscape and Urban Planning},
	title   = {Using scenarios to make decisions about the future: anticipatory learning for the adaptive co-management of community forests},
	url     = {https://doi.org/10.1016/S0169-2046(99)00071-7},
	year    = 2000,
}
@dataset{worldbank2023gdp,
	organization = {The World Bank},
	title        = {Databank | The World Bank},
	url          = {https://databank.worldbank.org/},
	year         = 2011,
}
@misc{xkcd-sustainable,
	author = {Randall Munroe},
	title  = {xkcd: Sustainable},
	url    = {https://xkcd.com/1007/},
	year   = 2012,
}
@article{zhang2012reman,
	author    = {Ramoni, Monsuru O. and Zhang, Hong-chao},
	doi       = {10.1186/2210-4690-2-2},
	journal   = {Journal of Remanufacturing},
	publisher = {Springer},
	title     = {An entropy-based metric for product remanufacturability},
	url       = {https://doi.org/10.1186/2210-4690-2-2},
	year      = 2012,
}
@article{zhang2022cdw,
	author   = {Chunbo Zhang and Mingming Hu and Francesco {Di Maio} and Benjamin Sprecher and Xining Yang and Arnold Tukker},
	doi      = {https://doi.org/10.1016/j.scitotenv.2021.149892},
	journal  = {Science of The Total Environment},
	keywords = {Construction and demolition waste (CDW), Waste hierarchy, Circular economy, Europe, Waste management, Concrete},
	title    = {An overview of the waste hierarchy framework for analyzing the circularity in construction and demolition waste management in Europe},
	url      = {https://www.sciencedirect.com/science/article/pii/S0048969721049676},
	year     = 2022,
}
@article{zhao2021reman,
	author  = {Zhao, Jiali and Xue, Zheng and Li, Tao and Jinfeng, Ping and Peng, Shi-Tong},
	doi     = {10.1007/s11356-021-13438-z},
	journal = {Environmental Science and Pollution Research},
	title   = {An energy and time prediction model for remanufacturing process using graphical evaluation and review technique (GERT) with multivariant uncertainties},
	year    = 2021,
}
 @article{cui2023supplyrisk , title={Exploring the risk and economic vulnerability of global energy supply chain interruption in the context of Russo-Ukrainian war}, volume={81}, ISSN={0301-4207}, url={http://dx.doi.org/10.1016/j.resourpol.2023.103373}, DOI={10.1016/j.resourpol.2023.103373}, journal={Resources Policy}, publisher={Elsevier BV}, author={Cui, Lianbiao and Yue, Suyun and Nghiem, Xuan-Hoa and Duan, Mei}, year={2023}, month=mar, pages={103373} }


@article{zhu2021sharing,
	author  = {Xiaoxi Zhu and Kai Liu},
	doi     = {https://doi.org/10.1016/j.jclepro.2020.125209},
	journal = {Journal of Cleaner Production},
	title   = {A systematic review and future directions of the sharing economy: business models, operational insights and environment-based utilities},
	url     = {https://www.sciencedirect.com/science/article/pii/S0959652620352537},
	year    = 2021,
}

